@InBook{masterman67b,
  author = 	 {Margaret Masterman},
  editor = 	 {A.D. Booth},
  title = 	 {Machine Translation},
  chapter = 	 {Mechanical pidgin translation: An estimate of the research value of “word-for-word” translation into a pidgin language, rather than into the full normal form of an output language},
  publisher = 	 {North Holland},
  year = 	 {1967},
  OPTaddress = 	 {Amsterdam},
  OPTpages = 	 {197-227}
}

@Misc{AECMA07u,
  author =       {{AECMA}},
  title =        {{AECMA} {S}implified {E}nglish},
  howpublished =
                  {\texttt{http://www.simplifiedenglish-aecma.org/Simplified\_English.htm}},
  year =         2007
}

@Book{forcada09b,
  author =       {Forcada, M.L. and P\'{e}rez-Ortiz, J.A.},
  title =        {Informática Aplicada a la Traducció: notes de classe
                  amb exercicis i problemes resolts},
  year =         2009,
  address =      {Alacant},
  url =          {http://projectes.lafarga.cat/projects/llibreiat}
}


@Book{kohl08,
  author =    {John R. Kohl},
  title =        {The Global English Style Guide: Writing Clear,
                  Translatable Documentation for a Global Market},
  publisher =    { SAS Institute},
  year =         2008}

@Book{alcaraz97b,
  author =       {Alcaraz Varó, E. and Martinez Linares, M.A.},
  title =        {Diccionario de ling{\"{u}}{\'{\i}}stica moderna},
  publisher =    {Ariel},
  year =         1997,
  address =      {Barcelona}
}

@InProceedings{almqvist96p,
  author =       {Almqvist, I. and S{\aa}gvall Hein, A.},
  title =        {Defining {S}cania{S}wedish --- a controlled language
                  for truck maintenance},
  booktitle =    {CLAW 96, Proceedings of the First International
                  Workshop on Controlled Language Applications
                  (Leuven)},
  pages =        {159--164},
  year =         1996
}

@Book{arnold94b,
  author =       {D. Arnold and L. Balkan and S. Meijer and
                  R.L. Humphreys and L. Sadler},
  title =        {Machine Translation: An Introductory Guide},
  publisher =    {NCC Blackwell},
  year =         1994,
  address =      {Oxford},
  note =         {Available as
                  \texttt{http://clwww.essex.ac.uk/{\~{}}doug/MTbook/}
                  }
}

@InCollection{arnold93b,
  author =       {D. Arnold},
  title =        {Sur la conception du transfert},
  booktitle =    {La traductique},
  pages =        {64--76},
  publisher =    {Presses Univ.\ Montr{\'{e}}al},
  year =         1993,
  editor =       {P. Bouillon and A. Clas},
  address =      {Montr{\'{e}}al},
  note =         {English translation available at
                  \texttt{http://clwww.essex.ac.uk/{\~{}}doug/papers/transfer.ps.gz}
                  }
}

@Article{arnold93j,
  author =	 {Arnold, D. and Sadler, L. and Humphreys, R.L.},
  title =	 {Evaluation: an assessment},
  journal =	 {Machine Translation},
  year =	 1993,
  volume =	 8,
  pages =	 {1--24}
}



@incollection{arnold03p,
  chapter={Why translation is difficult for computers},
  author={Arnold, Doug},
  booktitle={Computers and Translation: A translator’s guide},
  publisher={John Benjamins},
  address={Amsterdam i Philadelphia},
  editor={Harold Somers},
  pages={119--142},
  year={2003}
}


@Book{chomsky96b,
  author =	 {Noam Chomsky},
  title =	 {The minimalist program},
  publisher =	 {MIT Press},
  year =	 1996,
  address =	 {Cambridge, Massachusetts}
}

@Misc{don96u,
  author =       {Don, J. and Kerstens, J. and Ruys, E. and Zwarts,
                  J.},
  title =        {Lexicon of linguistics},
  howpublished =
                  {\texttt{http://www-uilots.let.ruu.nl/{\~{}}Hans.Leidekker/lexicon/ll.html}},
  year =         1996
}

@Book{flamand83b,
  author =	 {Flamand, J.},
  title =	 {\'{E}crire et traduire: sur la voie de la
                  cr{\'{e}}ation},
  publisher =	 {Editions du Vermillion},
  year =	 1983,
  address =	 {Ottawa}
}

@InProceedings{forcada00p,
  author =	 {Forcada, M.L.},
  title =	 {Learning machine translation strategies using
                  commercial systems: discovering word-reordering
                  rules},
  booktitle =	 {Proceedings of MT 2000 (Exeter, November 2000)},
  year =	 2000
}

@Article{garrido99j,
  author =	 {Garrido, A. and Iturraspe, A. and Montserrat, S. and
                  Pastor, H. and Forcada, M.L.},
  title =	 {A compiler for morphological analysers and
                  generators based on finite-state transducers},
  journal =	 {Procesamiento del Lenguaje Natural},
  year =	 1999,
  number =	 25,
  pages =	 {93--98}
}

@Article{hovy93j,
  author =	 {E. Hovy},
  title =	 {How {MT} works},
  journal =	 {Byte},
  year =	 1993,
  number =	 {gener},
  pages =	 {167--176}
}

@Misc{schwitten07u,
  author =	 {Schwitten, Rolf},
  title =	 {Controlled Natural Languages},
  year = 2007,
  howpublished =
                  {\texttt{http://www.ics.mq.edu.au/~rolfs/controlled-natural-languages/}}
}


@Book{hutchins92b,
  author =	 {Hutchins, W.J. and Somers, H.L.},
  title =	 {An introduction to machine translation},
  publisher =	 {Academic Press},
  year =	 1992,
  note =	 {(hi ha una traduucci{\'{o}} al castell{\`{a}},
                  \textit{Introducci{\'{o}}n a la traducci{\'{o}}n
                  autom{\'{a}}tica}, editada por Visor en 1995)}
}

@InCollection{hutchins96u,
  author =	 {J. Hutchins},
  title =	 {Evaluation of machine translation and translation
                  tools},
  editor =	 {Cole, R.A.},
  booktitle =	 {Survey of the State of the Art in Human Language
                  Technology},
  year =	 1996,
  note =	 {(disponible per internet:
                  \texttt{http://www.cse.ogi.edu/CSLU/HLTsurvey/HLTsurvey.html})}
}

@Article{ide98j,
  author =	 {N. Ide and J. Veronis},
  title =	 {Introduction to the Special Issue on Word Sense
                  Disambiguation: the state of the art},
  journal =	 {Computational Linguistics},
  year =	 1998,
  volume =	 24,
  pages =	 {1--40}
}

@InCollection{jacqmin93b,
  author =	 {L. Jacqmin},
  title =	 {Classification g{\'{e}}n{\'{e}}rale des
                  syst{\`{e}}mes de traduction automatique},
  booktitle =	 {La traductique},
  publisher =	 {Presses Univ.\ Montr{\'{e}}al},
  year =	 1993,
  editor =	 {Bouillon. P. and Clas, A.},
  address =	 {Montr{\'{e}}al}
}

@InCollection{jakobson66b,
  author =	 {Jakobson, R.},
  title =	 {On the linguistic aspects of translation},
  booktitle =	 {On translation},
  publisher =	 {Oxford Univ.\ Press},
  year =	 1966,
  editor =	 {R.A. Brower},
  address =	 {Oxford}
}

@Article{krauwer93j,
  author =	 {S. Krauwer},
  title =	 {Evaluation of {MT} systems: a programmatic view},
  journal =	 {Machine Translation},
  year =	 1993,
  volume =	 8
}

@Article{lewis97j,
  author =	 {Derek Lewis},
  title =	 {{MT} evaluation: science or art?},
  journal =	 {Machine Translation Review},
  year =	 1997,
  volume =	 6,
  pages =	 {25--36}
}

@Book{lyovin97b,
  author =	 {Lyovin, A.V. },
  title =	 {Languages of the world},
  publisher =	 {Oxford Univ.\ Press},
  year =	 1997,
  address =	 {Oxford}
}

@book{matthews97b,
  author =       "P.H. Matthews",
  title =        "The concise {O}xford dictionary of linguistics",
  publisher =    {Oxford Univ.\ Press},
  year =         1997,
  address =      {Oxford}
} 

@Article{minnis94j,
  author =	 {S. Minnis},
  title =	 {A simple and practical method for evaluation machine
                  translation quality},
  journal =	 {Machine Translation},
  year =	 1994,
  volume =	 9,
  pages =	 {133--149}
}

@Article{mira98j,
  author =	 {Mario {Mira i Gim\`{e}nez} and Mikel L. Forcada},
  title =	 {Understanding {PC}-based machine translation systems
                  for evaluation, teaching and reverse engineering:
                  the treatment of noun phrases in {P}ower
                  {T}ranslator},
  journal =	 {Machine Translation Review (British Computer
                  Society)},
  volume =	 7,
  year =	 1998,
  pages =	 {20-27},
  note =	 {(available at
                  \texttt{http://www.dlsi.ua.es/\~{}mlf/mtr98.ps.Z})}
}

@ARTICLE{mohri97j,
  author =	 "Mehryar Mohri",
  title =	 "Finite-State Transducers in Language and Speech
                  Processing",
  journal =	 "Computational Linguistics ",
  volume =	 "23",
  year =	 "1997",
  number =	 "2",
  pages =	 "269--311"
}

@InCollection{newton92b,
  author =	 {Newton, J.},
  title =	 {The {P}erkins experience},
  booktitle =	 {Computers in Translation: a practical appraisal},
  publisher =	 {Routledge},
  year =	 1992,
  address =	 {Londres}
}

@InCollection{nida59b,
  author =	 {E.A. Nida},
  title =	 {Principles of translation exemplified by {B}ible
                  translation},
  booktitle =	 {On translation},
  publisher =	 {Oxford Univ.\ Press},
  year =	 1966,
  editor =	 {R.A. Brower},
  address =	 {Oxford}
}

@Book{radford99b,
  author =	 {Radford, A. and Atkinson, M. and Britain, D. and
                  Clahsen, H. and Spencer, A.},
  title =	 {Linguistics: an introduction},
  publisher =	 {Cambridge Univ.\ Press},
  year =	 1999,
  address =	 {Cambridge}
}


@Book{radford09b,
  author =	 {Radford, A. and Atkinson, M. and Britain, D. and
                  Clahsen, H. and Spencer, A.},
  title =	 {Linguistics: an introduction, 2nd.\ ed.},
  publisher =	 {Cambridge Univ.\ Press},
  year =	 2009,
  address =	 {Cambridge}
}




@Book{ramos92,
  author =	 {Joan Rafael Ramos},
  title = 	 {Introducció a la sintaxi},
  publisher = 	 {Tàndem},
  year = 	 1992,
  address =	 {València}
}

@Book{roche97b,
  EDITOR =	 "E. Roche and Y. Schabes",
  TITLE =	 "Finite-State Language Processing",
  PUBLISHER =	 "MIT Press",
  YEAR =	 "1997",
  ADDRESS =	 "Cambridge, Massachusetts"
}

@Book{sager93b,
  author =	 {Juan C. Sager},
  title =	 {Language engineering and translation: consequences
                  of automation},
  publisher =	 {Benjamins},
  year =	 1993,
  address =	 {Amsterdam}
}

@InCollection{samuelson-brown96b,
  author =	 {Samuelson-Brown, G.},
  title =	 {New technology for translators},
  booktitle =	 {The translator's handbook},
  publisher =	 {Aslib},
  year =	 1996,
  editor =	 {Owens, R.},
  address =	 {Londres},
  edition =	 {3a.}
}

@InCollection{somers96b,
  author =	 {Somers, H. and Rutzler, C.},
  title =	 {Machine translation},
  booktitle =	 {The translator's handbook},
  publisher =	 {Aslib},
  year =	 1996,
  editor =	 {Owens, R.},
  address =	 {Londres},
  edition =	 {3a.}
}

@Book{tuson99b,
  author =	 {Jes{\'{u}}s Tuson},
  title =	 {{?`}Com {\'{e}}s que ens entenem? (si {\'{e}}s que
                  ens entenem)},
  publisher =	 {Emp{\'{u}}ries},
  year =	 1999,
  address =	 {Barcelona}
}

@BOOK{vandesnepscheut93b,
  AUTHOR =	 "J.L.A. {van de Snepscheut}",
  TITLE =	 "What computing is all about",
  YEAR =	 "1993",
  PUBLISHER =	 "Springer-Verlag",
  ADDRESS =	 "New York"
}


@InCollection{vandooren93b,
  author =	 {F. Vandooren},
  title =	 {Divergences de traduction et architectures de
                  transfert},
  booktitle =	 {La traductique},
  publisher =	 {Presses Univ.\ Montr{\'{e}}al},
  year =	 1993,
  editor =	 {Bouillon. P. and Clas, A.},
  address =	 {Montr{\'{e}}al}
}

@InCollection{wojcik96u,
  author =       {Wojcik, R.H. and Hoard, J.E.},
  title =        {Controlled Languages in Industry},
  editor =       {Cole, R.A.},
  booktitle =    {Survey of the State of the Art in Human Language
                  Technology},
  year =         1996,
  note =         {(disponible per internet:
                  \texttt{http://www.cse.ogi.edu/CSLU/HLTsurvey/HLTsurvey.html})}
}

@ARTICLE{hutchins2001,
  AUTHOR =       {John Hutchins},
  TITLE =        {Machine translation over fifty years},
  JOURNAL =      {Histoire Epistémologie Langage},
  YEAR =         {2001},
  VOLUME =       {23},
  NUMBER =       {1},
  PAGES =        {7--31},
  MONTH =        {},
  NOTE =         {},
}

@INCOLLECTION{hutchins1995,
  AUTHOR =       {John Hutchins},
  TITLE =        {Machine translation: a brief history},
  BOOKTITLE =    {The concise history of the language sciences: from
                  the Sumerians to the cognitivists},
  PUBLISHER =    {Pergamon},
  YEAR =         1995,
  EDITOR =       {E.F.K. Koerner and R.E.Asher},
  PAGES =        {431--445}
}

@ARTICLE{brown90j,
  author =       "Peter F. Brown and John Cocke and Stephen A. Della
                  Pietra and Vincent J. Della Pietra and Fredrick
                  Jelinek and John D. Lafferty and Robert L. Mercer
                  and Paul S.  Roossin",
  title =        "A Statistical Approach to Machine Translation",
  journal =      "Computational Linguistics",
  year =         "1990",
  volume =       "16",
  number =       "2",
  pages =        "79--85",
}

@Article{carl01j,
  title = 	 {Towards a Dynamic Linkage of Example-Based and Rule-Based Machine Translation},
  author = 	 {Michael Carl and Leonid L. Iomdin and Cathrine Pease and Oliver Streiter},
  journal = 	 {Machine Translation},
  year = 	 2001,
  volume =	 15,
  number =	 3,
  pages =	 {223-257}
}

@InProceedings{tellier00p,
  author =       {Isabelle Tellier},
  title =        {Semantic-driven emergence of syntax: the Principle of Compositionality upside-down},
  booktitle =    {Proc. 3rd Conference on the The Evolution of Language},
  pages =        {220--224},
  year =         2000,
  address =      {Paris},
  month =        {April}
}


@Article{canals01a,
  author =	 {R. Canals-Marote and A. Esteve-Guillen and
                  A. Garrido-Alenda and M. Guardiola-Savall and
                  A. Iturraspe-Bellver and S. Montserrat-Buendia and
                  S. Ortiz-Rojas and H. Pastor-Pina and
                  P.M. Perez-Antón and M.L. Forcada },
  title =	 {El sistema de traducción automática
                  castellano-catalán inter{NOSTRUM}},
  journal =	 {Procesamiento del Lenguaje Natural},
  year =	 2001,
  volume =	 27,
  pages =	 {151--156},
  note =	 "XVII Congreso de la Sociedad Española de
                  Procesamiento del Lenguaje Natural, Jaén, España,
                  12--14.09.2001"
}

@inproceedings{canals01b,
  author =	 {R. Canals-Marote and A. Esteve-Guillen and
                  A. Garrido-Alenda and M. Guardiola-Savall and
                  A. Iturraspe-Bellver and S. Montserrat-Buendia and
                  S. Ortiz-Rojas and H. Pastor-Pina and
                  P.M. Perez-Antón and M.L. Forcada },
  title =	 {The {S}panish-{C}atalan machine translation system
                  inter{NOSTRUM}},
  editors =	 "B. Maegaard",
  booktitle =	 "Proceedings of MT Summit VIII: Machine Translation
                  in the Information Age",
  year =	 2001,
  note =	 "Santiago de Compostela, Spain, 18--22.09.2001",
  pages =	 "73--76"
}


@article{garridoalenda01j,
  author =	 "Alicia Garrido-Alenda and Mikel L. Forcada",
  title =	 "MorphTrans: un lenguaje y un compilador para
                  especificar y generar m\'odulos de transferencia
                  morfol\'ogica para sistemas de traducci\'on
                  autom\'atica",
  journal =	 {Procesamiento del Lenguaje Natural},
  year =	 2001,
  volume =	 27,
  pages =	 {157--164},
  note =	 "XVII Congreso de la Sociedad Española de
                  Procesamiento del Lenguaje Natural, Jaén, España,
                  12--14.09.2001"
}

@article{o2003controlling,
  title={Controlling Controlled English. An analysis of several controlled language rule sets},
  author={O’Brien, Sharon},
  journal={Proceedings of EAMT-CLAW},
  volume={3},
  pages={105--114},
  year={2003}
}

@inproceedings{huijsen98u,
  title={Controlled language--an introduction},
  author={Huijsen, Willem-Olaf},
  booktitle={Proceedings of CLAW},
  volume={98},
  pages={1--15},
  year={1998}
}

@inproceedings{douglas96p,
  title={Controlled language support for perkins approved clear english (pace)},
  author={Douglas, Shona and Hurst, Matthew},
  booktitle={Proceedings of the First International Workshop on Controlled Language Applications},
  volume={93},
  pages={105},
  year={1996},
  organization={Citeseer}
}

@article{lappin94j,
  title={An algorithm for pronominal anaphora resolution},
  author={Lappin, Shalom and Leass, Herbert J},
  journal={Computational linguistics},
  volume={20},
  number={4},
  pages={535--561},
  year={1994},
  publisher={MIT Press}
}


@InProceedings{isabelle93p,
  author = 	 {P. Isabelle and M. Dymetman and G. Foster and J.M. Jutras and E. Macklovitch and F. Perrault and X. Ren and M. Simard.},
  title = 	 {Translation analysis and translation automation},
  booktitle = {Proceedings of the 1993 conference of the Centre for
                  Advanced Studies on Collaborative research:, vol. 2, «Distributed computing»},
  year = 	 1993,
  pages = 	 {1133-1147},
  publisher = {IBM Press}}

@InProceedings{doherty12p,
  author = 	 {Stephen Doherty and Dorothy Kenny and Andrew Way},
  title = 	 {A user-based usability assessment of raw machine translated technical instructions},
  booktitle = {The 10th Biennial Conference of the Association for Machine Translations in the Americas (AMTA 2012)},
  year = 	 2012,
  address = 	 {San Diego, California, USA},
  note = 	 {28 oct.\ -- 1 nov.\ 2012}}

@article{oregan13p,
  title={Peeking through the language barrier: the development of a
                  free/open-source gisting system for Basque to
                  English based on \texttt{apertium.org}},
  author={O'Regan, Jim and Forcada, Mikel L.},
  year={2013},
  journal={Procesamiento del Lenguaje Natural},
  volume={51},
  pages={15-22}
}

@InProceedings{ageeva15p,
  author = 	 {Ageeva, E. and Forcada, M.L. and Tyers, F.M. and Pérez-Ortiz and J.A.},
  title = 	 {Evaluating machine translation for assimilation via a gap-filling task},
  booktitle = {Proceedings of EAMT 2015, The Eigtheenth Annual Conference of the European Association for Machine Translation (Antalya, May 11-13, 2015)},
  year = 	 2015,
  pages = 	 {137-144}
}

@inproceedings{jones2007,
  title={{ILR}-based {MT} comprehension test with multi-level questions},
  author={Jones, Douglas and Herzog, Martha and Ibrahim, Hussny and Jairam, Arvind and Shen, Wade and Gibson, Edward and Emonts, Michael},
  booktitle={Human Language Technologies 2007: The Conference of the North American Chapter of the Association for Computational Linguistics; Companion Volume, Short Papers},
  pages={77--80},
  year={2007},
  organization={Association for Computational Linguistics}
}

@book{koehnbook,
  title =        {{Statistical Machine Translation}},
  author =       {Koehn, P.},
  year =         {2010},
  publisher =    {Cambridge University Press}
}

@article{fiteperiodico,
  title={El Peri{\'o}dico, una experiencia en traducci{\'o} autom{\`a}tica},
  author={Fit{\'e}, Ricard},
  journal={Tradum\`{a}tica},
  issue=4,
  year=2006
}

@article{forcada2011apertium,
  title={Apertium: a free/open-source platform for rule-based machine translation},
  author={Forcada, Mikel L and Ginest{\'\i}-Rosell, Mireia and Nordfalk, Jacob and O’Regan, Jim and Ortiz-Rojas, Sergio and P{\'e}rez-Ortiz, Juan Antonio and S{\'a}nchez-Mart{\'\i}nez, Felipe and Ram{\'\i}rez-S{\'a}nchez, Gema and Tyers, Francis M},
  journal={Machine translation},
  volume={25},
  number={2},
  pages={127--144},
  year={2011},
  publisher={Springer}
}
